<record><leader>00000cas a22000007a 4500</leader><controlfield tag="001">15254171</controlfield><controlfield tag="008">870228d187u18uuwiuwr ne      0    0eng d</controlfield><datafield ind1=" " ind2=" " tag="010"><subfield code="a">sn 87052273 </subfield></datafield><datafield ind1=" " ind2=" " tag="040"><subfield code="a">NPX</subfield><subfield code="b">eng</subfield><subfield code="c">NPX</subfield><subfield code="d">NVF</subfield><subfield code="d">OCLCQ</subfield></datafield><datafield ind1=" " ind2=" " tag="042"><subfield code="a">msc</subfield></datafield><datafield ind1="0" ind2=" " tag="130"><subfield code="a">Milwaukee weekly news (Milwaukee, Wis. : 1876)</subfield></datafield><datafield ind1="1" ind2="4" tag="245"><subfield code="a">The Milwaukee weekly news.</subfield></datafield><datafield ind1=" " ind2=" " tag="260"><subfield code="a">Milwaukee [Wis.] :</subfield><subfield code="b">Milwaukee News Co.</subfield></datafield><datafield ind1=" " ind2=" " tag="300"><subfield code="a">v. ;</subfield><subfield code="c">66 cm.</subfield></datafield><datafield ind1=" " ind2=" " tag="310"><subfield code="a">Weekly</subfield></datafield><datafield ind1=" " ind2=" " tag="580"><subfield code="a">Daily ed.: Milwaukee daily news (Milwaukee, Wis. : 1874), &lt;1876&gt;.</subfield></datafield><datafield ind1=" " ind2=" " tag="580"><subfield code="a">Semiweekly ed: Milwaukee semi-weekly news, &lt;1876&gt;.</subfield></datafield><datafield ind1=" " ind2=" " tag="588"><subfield code="a">Description based on: Vol. 29, no. 40 (Oct. 3, 1876).</subfield></datafield><datafield ind1=" " ind2=" " tag="752"><subfield code="a">United States</subfield><subfield code="b">Wisconsin</subfield><subfield code="c">Milwaukee</subfield><subfield code="d">Milwaukee.</subfield></datafield><datafield ind1="1" ind2=" " tag="775"><subfield code="t">Milwaukee daily news (Milwaukee, Wis. : 1874)</subfield><subfield code="w">(DLC)sn 86072090</subfield></datafield><datafield ind1="1" ind2=" " tag="775"><subfield code="t">Milwaukee semi-weekly news</subfield><subfield code="w">(DLC)sn 87052272</subfield></datafield><datafield ind1="0" ind2="0" tag="780"><subfield code="t">Weekly Milwaukee news (Milwaukee, Wis. : 1862)</subfield><subfield code="w">(DLC)sn 85033188</subfield></datafield></record>